@article{QuantizationEMCavities,
  title = {Quantization of electromagnetic fields in cavities and spontaneous emission},
  author = {Kakazu, K. and Kim, Y. S.},
  journal = {Phys. Rev. A},
  volume = {50},
  issue = {2},
  pages = {1830--1839},
  numpages = {0},
  year = {1994},
  month = {Aug},
  publisher = {American Physical Society},
  doi = {10.1103/PhysRevA.50.1830},
  url = {https://link.aps.org/doi/10.1103/PhysRevA.50.1830}
}

@book{Altland,
  added-at = {2019-02-26T21:36:34.000+0100},
  author = {Altland, Alexander and Simons, Ben D},
  biburl = {https://www.bibsonomy.org/bibtex/24bd55dbed39d545d317e30e9aef7448e/rspreeuw},
  interhash = {6b6fb095c054606cb92a07d40731288c},
  intrahash = {4bd55dbed39d545d317e30e9aef7448e},
  keywords = {imported},
  publisher = {Cambridge University Press},
  timestamp = {2019-02-26T21:36:34.000+0100},
  title = {Condensed matter field theory},
  year = 2010
}
